@unpublished{EWD831,
  author = "Edsger W. Dijkstra",
  title = "Why numbering should start at zero",
  month = aug,
  year = "1982",
  note = "circulated privately",
  url = "http://www.cs.utexas.edu/users/EWD/ewd08xx/EWD831.PDF",
}
@book{RNOM117,
  title = "The Rustonomicon: The Dark Arts of Advanced and Unsafe Rust Programming",
  edition = 1.17.0,
  month = apr,
  year = "2017",
  url = "https://doc.rust-lang.org/1.17.0/nomicon/README.html",
}
@manual{RDOC117,
  title = "Rust Documentation",
  edition = 1.17.0,
  month = apr,
  year = "2017",
  url = "https://doc.rust-lang.org/1.17.0/nomicon/README.html",
}
@book{RPL117,
  title = "The Rust Programming Language",
  edition = 1.17.0,
  month = apr,
  year = "2017",
  url = "https://doc.rust-lang.org/1.17.0/book/README.html",
}
@misc{AP82,
  title = "Epigrams in Programming",
  month = sep,
  year = "1982",
  url = "http://www.cs.yale.edu/homes/perlis-alan/quotes.html",
}
@misc{HKT15,
  title = "Gist File \texttt{hkt.rs}",
  author = "Github User 14427",
  month = apr,
  year = "2015",
  url = "https://gist.github.com/14427/af90a21b917d2892eace",
}
