@misc{scipy17,
  author = {The SciPy community},
  title = {Broadcasting},
  howpublished = {\url{https://docs.scipy.org/doc/numpy/user/basics.broadcasting.html}},
  month = {Jan},
  year = {2017},
  note = {Version 1.12},
}
